<?xml version='1.0' encoding='utf-8'?>
<record xmlns="http://www.loc.gov/MARC21/slim" xmlns:xsi="http://www.w3.org/2001/XMLSchema-instance">
  <leader>00000npcaa22^^^^^^a^4500</leader>
  <controlfield tag="001">012848223</controlfield>
  <controlfield tag="005">20140430153223.0</controlfield>
  <controlfield tag="008">140430i19651969miu^^^^^^^^^^^^^^^^^eng^d</controlfield>
  <datafield tag="040" ind1=" " ind2=" ">
    <subfield code="a">BEU</subfield>
    <subfield code="c">BEU</subfield>
    <subfield code="e">dacs</subfield>
  </datafield>
  <datafield tag="100" ind1="1" ind2=" ">
    <subfield code="a">Gamson, Zelda F.,</subfield>
    <subfield code="e">collector.</subfield>
  </datafield>
  <datafield tag="245" ind1="1" ind2="0">
    <subfield code="a">Zelda F. Gamson collection,</subfield>
    <subfield code="f">1965-1969,</subfield>
    <subfield code="g">bulk 1965-1966.</subfield>
  </datafield>
  <datafield tag="300" ind1=" " ind2=" ">
    <subfield code="a">0.4 linear feet.</subfield>
  </datafield>
  <datafield tag="546" ind1=" " ind2=" ">
    <subfield code="a">In English.</subfield>
  </datafield>
  <datafield tag="545" ind1="0" ind2=" ">
    <subfield code="a">In the 1960s-1980s Zelda Gamson held posts of the University of Michigan Study Director and Faculty Associate at the Institute for Social Research, Professor at the Center for the Study of Higher Education, and Associate Director and Professor in the Residential College. Her husband William Gamson was Professor of Sociology at the University of Michigan.</subfield>
  </datafield>
  <datafield tag="520" ind1="2" ind2=" ">
    <subfield code="a">Collection of newspaper clippings and journal articles on the subject of anti-war and anti-draft protests and teach-ins at the University of Michigan, and the national teach-in in Washington, D.C. organized by the University of Michigan faculty. Also includes correspondence about American atrocities in Vietnam, and paper "The University, ranking, and the submission of grades," on the subject of the Selective Service System special class rankings for male college students at the University of Michigan. The paper was prepared by a group of the Department of Economics Teaching Fellows.</subfield>
  </datafield>
  <datafield tag="506" ind1=" " ind2=" ">
    <subfield code="a">The collection is open for research use.</subfield>
  </datafield>
  <datafield tag="500" ind1=" " ind2=" ">
    <subfield code="a">Donor: 11040</subfield>
  </datafield>
  <datafield tag="650" ind1=" " ind2="0">
    <subfield code="a">My Lai Massacre, Vietnam, 1968.</subfield>
  </datafield>
  <datafield tag="610" ind1="2" ind2="0">
    <subfield code="a">University of Michigan</subfield>
    <subfield code="x">Faculty</subfield>
    <subfield code="y">1961-1970.</subfield>
  </datafield>
  <datafield tag="610" ind1="2" ind2="0">
    <subfield code="a">University of Michigan</subfield>
    <subfield code="x">Students</subfield>
    <subfield code="x">Political activity</subfield>
    <subfield code="y">1961-1970.</subfield>
  </datafield>
  <datafield tag="650" ind1=" " ind2="0">
    <subfield code="a">Vietnam War, 1961-1975</subfield>
    <subfield code="x">Protest movements</subfield>
    <subfield code="z">Michigan</subfield>
    <subfield code="z">Ann Arbor.</subfield>
  </datafield>
  <datafield tag="655" ind1=" " ind2="7">
    <subfield code="a">Clippings (information artifacts)</subfield>
    <subfield code="2">aat</subfield>
  </datafield>
  <datafield tag="700" ind1="1" ind2=" ">
    <subfield code="a">Zweig, Michael,</subfield>
    <subfield code="d">1942-</subfield>
  </datafield>
  <datafield tag="700" ind1="1" ind2=" ">
    <subfield code="a">Bilsborrow, Richard E.</subfield>
  </datafield>
  <datafield tag="700" ind1="1" ind2=" ">
    <subfield code="a">Kelman, Sander.</subfield>
  </datafield>
  <datafield tag="700" ind1="1" ind2=" ">
    <subfield code="a">Sawers, Larry,</subfield>
    <subfield code="d">1942-</subfield>
  </datafield>
  <datafield tag="852" ind1="8" ind2=" ">
    <subfield code="a">MiU-H</subfield>
    <subfield code="b">BENT</subfield>
    <subfield code="h">2014058 Aa</subfield>
  </datafield>
  <datafield tag="997" ind1=" " ind2=" ">
    <subfield code="a">MARS</subfield>
  </datafield>
  <datafield tag="998" ind1=" " ind2=" ">
    <subfield code="c">OV</subfield>
  </datafield>
  <datafield tag="955" ind1=" " ind2=" ">
    <subfield code="b">BENT</subfield>
    <subfield code="p">B6461755</subfield>
  </datafield>
</record>
